@book{tomatis1963,
  title={The Conscious Ear},
  author={Tomatis, Alfred},
  year={1963},
  publisher={Station Hill Press}
}

@article{mcfee2020librosa,
  title={Librosa: Audio and Music Signal Analysis in Python},
  author={McFee, Brian and others},
  journal={Proceedings of the 14th Python in Science Conference},
  year={2020},
}

@article{boersma2019praat,
  title={Praat, a system for doing phonetics by computer},
  author={Boersma, Paul and Weenink, David},
  journal={Glot International},
  year={2019},
  publisher={Praat.org}
}
